@book{UniTask,
  author       = {Cysharp, Inc},
  title        = {UniTask},
  url          = {https://github.com/Cysharp/UniTask},
}

@book{Git,
  author       = {Linus Torvalds},
  title        = {Git},
  url          = {https://git-scm.com/},
}

@book{visualstudio,
  author       = {Microsoft},
  title        = {Visual Studio},
  url          = {https://visualstudio.microsoft.com/},
}

@book{csharp,
  title = {Documentación de C\#},
  author = {Anders Hejlsberg, Microsoft},
  url = {https://learn.microsoft.com/en-us/dotnet/csharp/}
}

@book { Unity,
  title   = 
    {
      Unity
    },
  author  = 
    {
      Unity Systems
    },
  url     = 
    {
      https://unity.com/
    }
}

@book{unitycanvas,
  author       = {Unity Technologies},
  title        = {Unity Canvas},
  url          = {https://docs.unity3d.com/Packages/com.unity.ugui@1.0/manual/UICanvas.html},
}

@book{unityinputsystem,
  author       = {Unity Technologies},
  title        = {Unity Input System},
  url          = {https://docs.unity3d.com/Manual/com.unity.inputsystem.html},
}

@book { TextAnimator,
  title   = 
    {
      Text Animator
    },
  author  = 
    {
      febucci
    },
  url     = 
    {
      https://docs.febucci.com/text-animator-unity
    }
}

@book { ECM2,
  title   = 
    {
      Easy Character Movement 2
    },
  author  = 
    {
      Óscar Gracian
    },
  url     = 
    {
      https://oscar-gracian.gitbook.io/easy-character-movement-2
    }
}

@book { Screenshake,
  title   = 
    {
      Screenshake that doesn't suck
    },
  author  = 
    {
      Jump Trajectory
    },
  url     = 
    {
      https://www.youtube.com/watch?v=fn3hIPLbSn8
    }
}

@book { dialogueUnity,
  title   = 
    {
      Dialogue System for Unity
    },
  author  = 
    {
      Pixel Crushers
    },
  url     = 
    {
      https://www.pixelcrushers.com/dialogue_system/manual2x/html/
    }
}

@book { Repo,
  title   = 
    {
      DUJAL
    },
  author  = 
    {
      Ángel 'dexaxi' Baeza Sánchez
    },
  url     = 
    {
      https://github.com/dexaxi/TFG_Unity_Package
    }
}

@Comment{jabref-meta: databaseType:bibtex;}
